<record><leader>00000cas a2200000 a 4500</leader><controlfield tag="001">27647073</controlfield><controlfield tag="008">930301d188u1945iluwr ne      0    0eng c</controlfield><datafield ind1=" " ind2=" " tag="010"><subfield code="a">sn 93055615 </subfield></datafield><datafield ind1=" " ind2=" " tag="040"><subfield code="a">NVF</subfield><subfield code="b">eng</subfield><subfield code="c">NVF</subfield><subfield code="d">OCLCQ</subfield><subfield code="d">NVF</subfield><subfield code="d">OCLCQ</subfield><subfield code="d">OCLCF</subfield><subfield code="d">OCLCO</subfield></datafield><datafield ind1="1" ind2=" " tag="029"><subfield code="a">AU@</subfield><subfield code="b">000020736872</subfield></datafield><datafield ind1=" " ind2=" " tag="042"><subfield code="a">pcc</subfield></datafield><datafield ind1=" " ind2=" " tag="043"><subfield code="a">n-us-il</subfield></datafield><datafield ind1="0" ind2=" " tag="130"><subfield code="a">Talk (Anna, Ill.)</subfield></datafield><datafield ind1="1" ind2="4" tag="245"><subfield code="a">The Talk.</subfield></datafield><datafield ind1=" " ind2=" " tag="260"><subfield code="a">Anna, Ill. :</subfield><subfield code="b">R. Lynn Minton,</subfield><subfield code="c">-1945.</subfield></datafield><datafield ind1=" " ind2=" " tag="300"><subfield code="a">v.</subfield></datafield><datafield ind1=" " ind2=" " tag="310"><subfield code="a">Weekly</subfield></datafield><datafield ind1="1" ind2=" " tag="362"><subfield code="a">Ceased in 1945.</subfield></datafield><datafield ind1=" " ind2=" " tag="580"><subfield code="a">Merged with: Gazette-Democrat, to form: Gazette-Democrat and the Anna talk.</subfield></datafield><datafield ind1=" " ind2=" " tag="588"><subfield code="a">Description based on: Vol. 6, no. 22 (Sept. 28, 1888).</subfield></datafield><datafield ind1=" " ind2="0" tag="651"><subfield code="a">Anna (Ill.)</subfield><subfield code="v">Newspapers.</subfield></datafield><datafield ind1=" " ind2="7" tag="655"><subfield code="a">Newspapers.</subfield><subfield code="2">fast</subfield><subfield code="0">(OCoLC)fst01423814</subfield></datafield><datafield ind1=" " ind2="7" tag="651"><subfield code="a">Illinois</subfield><subfield code="z">Anna.</subfield><subfield code="2">fast</subfield><subfield code="0">(OCoLC)fst01287694</subfield></datafield><datafield ind1=" " ind2=" " tag="752"><subfield code="a">United States</subfield><subfield code="b">Illinois</subfield><subfield code="c">Union</subfield><subfield code="d">Anna.</subfield></datafield><datafield ind1="1" ind2="7" tag="785"><subfield code="t">Gazette-Democrat</subfield><subfield code="w">(DLC)sn 93055614</subfield><subfield code="w">(OCoLC)27647000</subfield></datafield><datafield ind1="1" ind2="7" tag="785"><subfield code="t">Gazette-Democrat and the Anna talk</subfield><subfield code="w">(DLC)sn 82014620</subfield><subfield code="w">(OCoLC)8784613</subfield></datafield></record>